@book{rust-book1,
	author = {Mozilla},
	title = {The Rust Programming Language},
	year = {2018},
	url = {https://doc.rust-lang.org/stable/book/title-page.html}
}
@article{c-language-blog,
	author = {Daniel Munoz},
	title = {After All These Years, the World is Still Powered by C Programming},
	url = {https://doc.rust-lang.org/stable/book/title-page.html}
}

@article{mozilla-rust,
	author = {Mozilla},
	title = {Rust language},
	url = {https://research.mozilla.org/rust/}
}

@article{rust-interview,
	author = {Abel Avram},
	title = {Interview on Rust, a Systems Programming Language Developed by Mozilla},
	year = {2012},
	url = {https://www.infoq.com/news/2012/08/Interview-Rust/}
}

@article{tiobe-index,
	title = {"TIOBE Index for November 2021"},
	author = {TIOBE},
	journal = {TIOBE index},
	url = {https://www.tiobe.com/tiobe-index/}
}

@inproceedings{stroustrup-presentation,
	author = {Bjarne Stroustrup},
	title = {Foundations of C++},
	year = {2012},
	pages = {1-2},
	url = {https://www.stroustrup.com/ETAPS-corrected-draft.pdf},
}

@manual{cpp-reference-ub,
	author = {Sergey V. Zubkov},
	title = {Undefined behavior},
	year = {2015},
	url = {https://en.cppreference.com/w/cpp/language/ub}
}

@manual{cpp-standard,
	title = {Working Draft, Standard for Programming Language C++},
	author = {C++ standards commitee}, %should this be an individual or the whole?},
	url = {http://open-std.org/JTC1/SC22/WG21/docs/papers/2017/n4659.pdf},
	year = {2021}
}

@article{memory_safety_in_rust,
	title = {Memory Safety In Rust},
	author = {{Stanford University}},
	year = {2018},
	url = {https://stanford-cs242.github.io/f18/lectures/05-1-rust-memory-safety.html}
}

@article{cost_of_bugs,
	title = {The real cost of software bugs},
	author = {Ronald Cummings},
	url = {https://www.softwaretestingnews.co.uk/the-real-cost-of-software-bugs/}
}

@book{crafting_interpreters,
	title = {Crafting Interpreters},
	author = {Robert Nystrom},
	year = {2021},
	publisher = {Genever Benning},
}
