@misc{chromium_bugs,
	title = {Memory safety},
	author = {{Google}},
	url = {https://www.chromium.org/Home/chromium-security/memory-safety}
}
	
@techreport{tiobe_index,
	title = {TIOBE Index for December 2021},
	institution = {TIOBE},
	year = {2021},
	url = {https://www.tiobe.com/tiobe-index/}
}

@journal{error_prone_languages,
	title = {Which Languages Are Bug Prone},
	author = {Janet Swift},
	year = { 2017},
	url = {https://www.i-programmer.info/news/98-languages/11184-which-languages-are-bug-prone.html}
}
