@book{rust-book1,
	author = {Mozilla},
	title = {The Rust Programming Language},
	year = {2018},
	url = {https://doc.rust-lang.org/stable/book/title-page.html}
}
@article{c-language-blog,
	author = {Daniel Munoz},
	title = {After All These Years, the World is Still Powered by C Programming},
	url = {https://doc.rust-lang.org/stable/book/title-page.html}
}

@article{mozilla-rust,
	author = {Mozilla},
	title = {Rust language},
	url = {https://research.mozilla.org/rust/}
}

@article{rust-interview,
	author = {Abel Avram},
	title = {Interview on Rust, a Systems Programming Language Developed by Mozilla},
	year = {2012},
	url = {https://www.infoq.com/news/2012/08/Interview-Rust/}
}

@article{tiobe-index,
	title = {"TIOBE Index for November 2021"},
	author = {TIOBE},
	journal = {TIOBE index},
	url = {https://www.tiobe.com/tiobe-index/}
}

@inproceedings{stroustrup-presentation,
	author = {Bjarne Stroustrup},
	title = {Foundations of C++},
	year = {2012},
	pages = {1-2},
	url = {https://www.stroustrup.com/ETAPS-corrected-draft.pdf}
}

@manual{cpp-reference-ub,
	author = {Sergey V. Zubkov},
	title = {Undefined behavior},
	year = {2015},
	url = {https://en.cppreference.com/w/cpp/language/ub}
}

@manual{cpp-standard,
	title = {Working Draft, Standard for Programming Language C++},
	author = {{C++ standards commitee}},
	url = {http://open-std.org/JTC1/SC22/WG21/docs/papers/2017/n4659.pdf},
	year = {2021}
}

@article{memory-safety-in-rust,
	title = {Memory Safety In Rust},
	author = {{Stanford University}},
	year = {2018},
	url = {https://stanford-cs242.github.io/f18/lectures/05-1-rust-memory-safety.html}
}

@article{cost-of-bugs,
	title = {The real cost of software bugs},
	author = {Ronald Cummings},
	url = {https://www.softwaretestingnews.co.uk/the-real-cost-of-software-bugs/}
}

@book{crafting-interpreters,
	title = {Crafting Interpreters},
	author = {Robert Nystrom},
	year = {2021},
	publisher = {Genever Benning}
}

@book{rust-book,
    title = {The Rust Programming Language},
    author = {Steve Klabnik and Carol Nichols},
    year = {2018},
    url = {https://doc.rust-lang.org/1.8.0/book/README.html},
    publisher = {No Starch Press}
}

@article{lambda-cube,
    title = {An Introduction to Generalized Type Systems},
    author = {Hendrik Barendregt},
    year = {1991},
    url = {https://homepages.inf.ed.ac.uk/wadler/papers/barendregt/pure-type-systems.pdf},
    publisher = {Journal of Functional Programming}
}

@article{cppreference-raii,
    title = {RAII},
    author = {cppreference},
    url = {https://en.cppreference.com/w/cpp/language/raii}
}

@article{msdocs-smartpointers,
    title = {Smart Pointers (Modern C++)},
    year = {2021},
    url = {https://docs.microsoft.com/en-us/cpp/cpp/smart-pointers-modern-cpp?view=msvc-170},
    author = {Microsoft}
}

@article{chromium-bugs,
    title = {Memory Safety},
    author = {Google},
    url = {https://www.chromium.org/Home/chromium-security/memory-safety/}
}

@article{chromium-rust,
    title = {Chromium Gerrit},
    author = {Google},
    url = {https://chromium-review.googlesource.com/q/project:experimental/chromium/src+branch:refs/wip/rust-experimental-branch},
    note = {Experimental branch for Chromium version control featuring rust usage}
}

@article{borrow-checker-properties,
    title = {Guide to Rustc Development},
    author = {Mozilla},
    url = {https://rustc-dev-guide.rust-lang.org/borrow_check.html}
}

@inproceedings{cpp-core-guidelines-talk,
    title = {10 Core Guidelines You Need to Start Using Now},
    author = {Kate Gregory},
    year = {2017},
    url = {https://www.youtube.com/watch?v=XkDEzfpdcSg&t=2667s}
}

@article{cpp-guidelines-notnull,
    title = {C++ Core Guidelines},
    author = {Bjarne Stroustrup and Herb Sutter},
    url = {https://github.com/isocpp/CppCoreGuidelines/blob/master/CppCoreGuidelines.md#gslview-views=},
    year = {2022}
}

@article{lifetime-annotations-cpp,
    title = {[RFC] Lifetime annotations for C++},
    author = {Martin Brænne and Rosica Dejanovska and Gábor Horváth and Dmitri Gribenko and Luca Versari},
    year = {2022},
    url = {https://discourse.llvm.org/t/rfc-lifetime-annotations-for-c/61377}
}

@article{what-is-llvm,
    title = {LLVM Overview},
    author = {{LLVM Foundation}},
    url = {https://www.llvm.org/}
}

@manual{cpp-standard-conformity,
    title = {C++ Compiler Support},
    author = {{cppreference}},
    url = {https://en.cppreference.com/w/cpp/compiler_support}
}

@article{rust-compile-times,
    title = {The Rust Compilation Model Calamity},
    author = {Brian Anderson},
    editor = {Calvin Weng},
    year = {2020},
    url = {https://en.pingcap.com/blog/rust-compilation-model-calamity/}
}

@article{ndebug,
    title = {Assert},
    author = {cppreference},
    url = {https://en.cppreference.com/w/cpp/error/assert}
}

@article{cpp-abi,
    title = {C++ Weekly - Ep 270 - Break ABI to Save C++},
    author = {Jason Turner},
    year = {2021},
    url = {https://www.youtube.com/watch?v=By7b19YIv8Q&t=1725s}
}

@article{stack-vs-heap,
    title = {Operating Systems and C},
    author = {Wouter Groeneveld and Robin Marx},
    year = {2020},
    url = {https://kuleuven-diepenbeek.github.io/osc-course/}
}

@article{gcc-release,
    title = {{GCC} Releases},
    author = {{{GNU} and {Free Software Foundation}}},
    year = {2022},
    url = {https://gcc.gnu.org/releases.html}
}

@article{compiler-comparison,
    title = {C gcc costs versus C clang costs},
    year = {2022},
    url = {https://benchmarksgame-team.pages.debian.net/benchmarksgame/fastest/c.html},
}

@article{msvc-release,
    title = {Version history of VC++, MFC and ATL},
    author = {Marius Bancila},
    year = {2015},
    url = {https://mariusbancila.ro/blog/2015/08/12/version-history-of-vc-mfc-and-atl/}
}

@article{msvc,
    title = {MSVC: The best choice for Windows},
    year = {2017},
    url = {https://devblogs.microsoft.com/cppblog/msvc-the-best-choice-for-windows/},
    author = {{Andrew P.}}
}

@article{valgrind,
    title ={The Valgrind Quick Start Guide},
    url = {https://valgrind.org/docs/manual/quick-start.html},
    author = {Julian Seward and Nicholas Nethercote and Tom Hughes and Jeremy Fitzhardinge and Josef Weidendorfer and Paul Mackerras and Greg Parker and Dirk Mueller and Robert Walsh and Bart Van Assche}
}

@book{cpp-safety-book,
    title = {Embracing Modern C++ Safely},
    url = {https://www.amazon.co.uk/Embracing-Modern-Safely-John-Lakos/dp/0137380356},
    year = {2021},
    author = {John Lakos and Vittorio Romeo and Rostislav Khlebnikov and Alisdair Meredith},
    publisher = {Addison-Wesley}
}

@inproceedings{embedded-langauges,
    title = {CppCon 2016: Dan Saks “extern c: Talking to C Programmers about C++”},
    author = {Dan Saks},
    year = {2016},
    institution = {CppCon}
}

@article{ernst-2003-static,
  title={Static and dynamic analysis: Synergy and duality},
  author={Ernst, Michael D},
  year={2003},
  publisher={WODA}
}

@book{design-philosophy,
    title = {A Philosophy of Software Design},
    author = {John Ousterhout},
    year = {2018},
    publisher = {Yaknyam Press}
}

@misc{lit-review,
    title = {Project Proposal presented to {Coventry University}},
    author = {Fred Cook},
    year = {2021}
}
